<?xml version = "1.0" encoding = "UTF-8"?>
<OAI-PMH xmlns="http://www.openarchives.org/OAI/2.0/" xmlns:xsi="http://www.w3.org/2001/XMLSchema-instance"
	xsi:schemaLocation="http://www.openarchives.org/OAI/2.0/ http://www.openarchives.org/OAI/2.0/OAI-PMH.xsd">
	<ListRecords>
		<record>
			<header>
				<identifier>aleph-publish:019206710</identifier>
			</header>
			<metadata>
				<record xmlns="http://www.ddb.de/professionell/mabxml/mabxml-1.xsd">
					<leader>------M2.01200024------h</leader>
					<controlfield tag="LDR">------M2.01200024------h
					</controlfield>
					<controlfield tag="FMT">MH</controlfield>
					<datafield tag="001" ind1="-" ind2="1">
						<subfield code="a">HT017297166</subfield>
					</datafield>
					<datafield tag="002" ind1="a" ind2="1">
						<subfield code="a">20120705</subfield>
					</datafield>
					<datafield tag="026" ind1="-" ind2="1">
						<subfield code="a">HBZHT017297166</subfield>
					</datafield>
					<controlfield tag="030">a|1uc||||||37</controlfield>
					<datafield tag="036" ind1="a" ind2="1">
						<subfield code="a">DE</subfield>
					</datafield>
					<datafield tag="037" ind1="b" ind2="1">
						<subfield code="a">ger</subfield>
					</datafield>
					<controlfield tag="050">||||||||g|||||</controlfield>
					<controlfield tag="051">m|||||||</controlfield>
					<datafield tag="070" ind1="-" ind2="1">
						<subfield code="a">107</subfield>
					</datafield>
					<datafield tag="078" ind1="r" ind2="1">
						<subfield code="a">107: edoweb</subfield>
					</datafield>
					<datafield tag="080" ind1="-" ind2="1">
						<subfield code="a">60</subfield>
					</datafield>
					<datafield tag="100" ind1="b" ind2="1">
						<subfield code="p">Rosleff Sörensen, Elke</subfield>
						<subfield code="9">(DE-588)1023744457</subfield>
					</datafield>
					<datafield tag="101" ind1="-" ind2="1">
						<subfield code="p">Sörensen, Elke Rosleff</subfield>
					</datafield>
					<datafield tag="200" ind1="b" ind2="1">
						<subfield code="k">Rheinland-Pfalz</subfield>
						<subfield code="b">Landesamt für Umwelt, Wasserwirtschaft und
							Gewerbeaufsicht</subfield>
						<subfield code="9">(DE-588)3061200-7</subfield>
					</datafield>
					<datafield tag="201" ind1="-" ind2="1">
						<subfield code="k">Landesamt für Umwelt, Wasserwirtschaft und
							Gewerbeaufsicht</subfield>
						<subfield code="h">Rheinland-Pfalz</subfield>
					</datafield>
					<datafield tag="201" ind1="-" ind2="1">
						<subfield code="k">Rheinland-Pfalz</subfield>
						<subfield code="b">Landesamt für Umweltschutz,
							Wasserwirtschaft und Gewerbeaufsicht</subfield>
					</datafield>
					<datafield tag="201" ind1="-" ind2="1">
						<subfield code="k">Landesamt für Umweltschutz,
							Wasserwirtschaft und Gewerbeaufsicht</subfield>
						<subfield code="h">Rheinland-Pfalz</subfield>
					</datafield>
					<datafield tag="201" ind1="-" ind2="1">
						<subfield code="k">Rheinland-Pfalz</subfield>
						<subfield code="b">Landesamt für Umwelt, Wasserwirtschaft und
							Gewerbeaufsicht</subfield>
						<subfield code="b">Gewerbeaufsicht</subfield>
					</datafield>
					<datafield tag="201" ind1="-" ind2="1">
						<subfield code="k">Rheinland-Pfalz</subfield>
						<subfield code="b">Landesamt für Umwelt, Wasserwirtschaft und
							Gewerbeaufsicht</subfield>
						<subfield code="b">Abteilung</subfield>
						<subfield code="n">2</subfield>
					</datafield>
					<datafield tag="201" ind1="-" ind2="1">
						<subfield code="k">Rheinland-Pfalz</subfield>
						<subfield code="b">Landesamt für Umwelt, Wasserwirtschaft und
							Gewerbeaufsicht</subfield>
						<subfield code="b">Referat</subfield>
						<subfield code="n">24</subfield>
					</datafield>
					<datafield tag="201" ind1="-" ind2="1">
						<subfield code="k">Rheinland-Pfalz</subfield>
						<subfield code="b">Landesamt für Umwelt, Wasserwirtschaft und
							Gewerbeaufsicht</subfield>
						<subfield code="b">Referat Strahlenschutz</subfield>
					</datafield>
					<datafield tag="201" ind1="-" ind2="1">
						<subfield code="k">LUWG</subfield>
					</datafield>
					<datafield tag="331" ind1="-" ind2="1">
						<subfield code="a">NSG-Album Scharren am Altenhof</subfield>
					</datafield>
					<datafield tag="334" ind1="-" ind2="1">
						<subfield code="a">Elektronische Ressource</subfield>
					</datafield>
					<datafield tag="335" ind1="-" ind2="1">
						<subfield code="a">NSG 232-098</subfield>
					</datafield>
					<datafield tag="359" ind1="-" ind2="1">
						<subfield code="a">[Landesamt für Umwelt, Wasserwirtschaft
							und Gewerbeaufsicht Rheinland-Pfalz. ... Text: Elke Rosleff
							Sörensen]</subfield>
					</datafield>
					<datafield tag="370" ind1="a" ind2="1">
						<subfield code="a">NSG-Album Scharren am Altenhof bei
							Bettingen</subfield>
					</datafield>
					<datafield tag="410" ind1="-" ind2="1">
						<subfield code="a">Mainz</subfield>
					</datafield>
					<datafield tag="412" ind1="-" ind2="1">
						<subfield code="a">Landesamt für Umwelt, Wasserwirtschaft und
							Gewerbeaufsicht</subfield>
					</datafield>
					<datafield tag="425" ind1="a" ind2="1">
						<subfield code="a">2012</subfield>
					</datafield>
					<datafield tag="433" ind1="-" ind2="1">
						<subfield code="a">5 S. : überw. Ill., Kt.</subfield>
					</datafield>
					<datafield tag="652" ind1="a" ind2="1">
						<subfield code="a">Archivierte Online-Ressource</subfield>
					</datafield>
					<datafield tag="655" ind1="e" ind2="1">
						<subfield code="x">kostenfrei; Langzeitarchivierung
						</subfield>
					</datafield>
					<datafield tag="700" ind1="l" ind2="1">
						<subfield code="a">rpb584070</subfield>
					</datafield>
					<datafield tag="700" ind1="l" ind2="1">
						<subfield code="a">740</subfield>
					</datafield>
					<datafield tag="700" ind1="l" ind2="1">
						<subfield code="a">130</subfield>
					</datafield>
					<datafield tag="700" ind1="l" ind2="1">
						<subfield code="a">106</subfield>
					</datafield>
					<datafield tag="902" ind1="-" ind2="1">
						<subfield code="g">Bettingen</subfield>
						<subfield code="h">Bitburg</subfield>
						<subfield code="9">(DE-588)10010556-7</subfield>
					</datafield>
					<datafield tag="902" ind1="-" ind2="1">
						<subfield code="g">Naturschutzgebiet Scharren am Altenhof
						</subfield>
					</datafield>
					<controlfield tag="SYS">019206710</controlfield>
					<datafield tag="LOW" ind1="-" ind2="1">
						<subfield code="a">R0003</subfield>
					</datafield>
					<datafield tag="HID" ind1="-" ind2="1">
						<subfield code="s">DTL2ALEPH</subfield>
						<subfield code="c">20120706</subfield>
						<subfield code="l">HBZ01</subfield>
						<subfield code="h">1315</subfield>
					</datafield>
					<datafield tag="088" ind1=" " ind2=" ">
						<subfield code="a">107</subfield>
					</datafield>
					<datafield tag="655" ind1="e" ind2=" ">
						<subfield code="u">http://digitool.hbz-nrw.de:1801/webclient/DeliveryManager?pid=4575675&amp;custom_att_2=simple_viewer
						</subfield>
						<subfield code="y">NSG-Album Scharren am Altenhof</subfield>
						<subfield code="x">Archivierte Online-Ressource</subfield>
					</datafield>
				</record>
			</metadata>
		</record>
	</ListRecords>
</OAI-PMH>